@article{2022,
  title = {Double Irish Arrangement},
  year = {2022},
  month = nov,
  journal = {Wikipedia},
  copyright = {Creative Commons Attribution-ShareAlike License},
  langid = {english},
  annotation = {Page Version ID: 1120745130}
}

@techreport{Adarov2021,
  type = {Wiiw Working Papers},
  title = {Labour Taxes and International Trade: The Role of Domestic Labour Value Added},
  author = {Adarov, Amat and Holzner, Mario and Jovanovi{\'c}, Branimir and Vuk{\v s}i{\'c}, Goran},
  year = {2021},
  month = aug,
  number = {205},
  institution = {The Vienna Institute for International Economic Studies, wiiw}
}

@misc{Bookman2019,
  title = {The Adjudication Business},
  author = {Bookman, Pamela K.},
  year = {2019},
  month = feb,
  number = {3338152},
  doi = {10.2139/ssrn.3338152},
  langid = {english}
}

@article{Chaisse2016,
  title = {International Investment Law and Taxation: From Coexistence to Cooperation},
  author = {Chaisse, Julien},
  year = {2016},
  month = dec,
  journal = {International Economic Review},
  volume = {10},
  pages = {1--30}
}

@misc{Christensen2016,
  title = {Book Review: Global Tax Governance \textendash{} What Is Wrong with It and How to Fix It | Institute for Social Change News},
  author = {Christensen, Rasmus Corlin},
  year = {2016},
  month = sep
}

@article{Dietsch2011,
  title = {Rethinking Sovereignty in International Fiscal Policy},
  author = {Dietsch, Peter},
  year = {2011},
  journal = {Review of International Studies},
  volume = {37},
  number = {5},
  pages = {2107--2120},
  publisher = {Cambridge University Press},
  issn = {02602105, 14699044}
}

@book{Dietsch2016,
  title = {Global Tax Governance: What Is Wrong with It and How to Fix It},
  editor = {Dietsch, Peter and Rixen, Thomas},
  year = {2016},
  publisher = {ECPR Press}
}

@techreport{Holzner2021,
  type = {Wiiw Working Papers},
  title = {How Do Corporate Taxes Affect International Trade?},
  author = {Holzner, Mario and Jovanovi{\'c}, Branimir and Vuk{\v s}i{\'c}, Goran},
  year = {2021},
  month = nov,
  number = {212},
  institution = {The Vienna Institute for International Economic Studies, wiiw}
}

@article{Hoxhaj2022,
  title = {Factors Influencing Tax Evasion of Businesses: The Case of Albania},
  author = {Hoxhaj, Meleq and Kamolli, Erjus},
  year = {2022},
  month = jan,
  journal = {European Journal of Economics and Business Studies},
  volume = {8},
  pages = {48--64},
  doi = {10.26417/233qcq96}
}

@article{Krisch2022,
  title = {Jurisdiction Unbound: (Extra)Territorial Regulation as Global Governance},
  shorttitle = {Jurisdiction Unbound},
  author = {Krisch, Nico},
  year = {2022},
  month = may,
  journal = {European Journal of International Law},
  volume = {33},
  number = {2},
  pages = {481--514},
  issn = {0938-5428},
  doi = {10.1093/ejil/chac028}
}

@misc{Mabel2022,
  title = {Tax Compliance Is Important},
  author = {Mabel, Atty. and Buted, L.},
  year = {2022},
  month = jun
}

@misc{Michaels2013,
  title = {Globalization and Law: Law Beyond the State},
  shorttitle = {Globalization and Law},
  author = {Michaels, Ralf},
  year = {2013},
  month = mar,
  number = {2240898},
  langid = {english}
}

@misc{OECD_BEPS,
  title = {Base Erosion and Profit Shifting - OECD BEPS},
  howpublished = {https://www.oecd.org/tax/beps/}
}

@misc{Snowden2017,
  title = {Apple's Double Irish with a Dutch Sandwich \textendash{} Juris},
  author = {Snowden, Hunter},
  year = {2017},
  month = jun,
  langid = {american}
}

@article{zotero-38,
  type = {Article}
}
